@ARTICLE{Ahrens2013CategoriesHoTT,
   author = {{Ahrens}, Benedikt and {Kapulkin}, Chris and {Shulman}, Mike},
    title = "{Univalent categories and the {Rezk} completion}",
  journal = {ArXiv e-print 1303.0584},
     year = 2013,
    month = mar,
}

@manual{Avigad2015tutorial,
  author = {Avigad, Jeremy and de Moura, Leonardo and Kong, Soonho},
  title = {Theorem Proving in {Lean}},
  year = 2015,
  url = {https://leanprover.github.io/tutorial/tutorial.pdf}
}


@article{Awodey2004Propositions,
  author = {Awodey, Steve and Bauer, Andrej},
  title = {Propositions as [{T}ypes]},
  volume = 14,
  number = 4,
  pages = {447-471},
  year = 2004,
  journal = {Journal of Logic and Computation}
}

@inproceedings{Awodey2009homotopy,
  title={Homotopy Theoretic Models of Identity Types},
  author={Awodey, Steve and Warren, Michael A.},
  booktitle={Math. Proc. Camb. Phil. Soc.},
  volume=146,
  pages={45--55},
  year=2009,
  organization={Cambridge Univ Press}
}

@inproceedings{Awodey2012InductiveTypes,
 author = {Awodey, Steve and Gambino, Nicola and Sojakova, Kristina},
 title = {Inductive Types in Homotopy Type Theory},
 booktitle = {Proceedings of the 2012 27th Annual IEEE/ACM Symposium on Logic in Computer Science},
 series = {LICS '12},
 year = {2012},
 isbn = {978-0-7695-4769-5},
 location = {New Orleans, Louisiana},
 pages = {95--104},
 numpages = {10},
 url = {http://dx.doi.org/10.1109/LICS.2012.21},
 doi = {10.1109/LICS.2012.21},
 acmid = {2359495},
 publisher = {IEEE Computer Society},
 address = {Washington, DC, USA},
 keywords = {Type theory, homotopy theory, initial algebras},
}

@ARTICLE{Awodey2015initialalgebras,
   author = {{Awodey}, S. and {Gambino}, N. and {Sojakova}, K.},
    title = "{Homotopy-Initial Algebras in Type Theory}",
  journal = {ArXiv e-prints},
archivePrefix = "arXiv",
   eprint = {1504.05531},
 primaryClass = "math.LO",
 keywords = {Mathematics - Logic, Mathematics - Category Theory},
     year = 2015,
    month = apr,
   adsurl = {http://adsabs.harvard.edu/abs/2015arXiv150405531A},
  adsnote = {Provided by the SAO/NASA Astrophysics Data System}
}

@article{bishop1967foundations,
  title={Foundations of constructive analysis},
  author={Bishop, Matt},
  year={1967}
}

@book{Constable1986NuPRL,
 author = {Constable, R. L. and Allen, S. F. and Bromley, H. M. and Cleaveland, W. R. and Cremer, J. F. and Harper, R. W. and Howe, D. J. and Knoblock, T. B. and Mendler, N. P. and Panangaden, P. and Sasaki, J. T. and Smith, S. F.},
 title = {Implementing Mathematics with the {Nuprl} Proof Development System},
 year = {1986},
 isbn = {0-13-451832-2},
 publisher = {Prentice-Hall, Inc.},
 address = {Upper Saddle River, NJ, USA},
}

@Manual{Coq:manual,
  title =        {The {Coq} proof assistant reference manual},
  author =       {\mbox{The Coq development team}},
  organization = {LogiCal Project},
  note =         {Version 8.4},
  year =         {2013},
  url =          "http://coq.inria.fr"
}

@MISC{vanDoorn2015Leanblog,
  author = {van Doorn, Floris},
  title = {The {Lean Theorem Prover}},
  month = dec,
  year = 2015,
  howpublished = {blog post},
  url = {http://homotopytypetheory.org/2015/12/02/the-proof-assistant-lean/},
}


@inproceedings{vanDoorn2013,
 author = {van Doorn, Floris and Geuvers, Herman and Wiedijk, Freek},
 title = {Explicit Convertibility Proofs in {Pure Type Systems}},
 series = {LFMTP '13},
 year = {2013},
 location = {Boston, Massachusetts, USA},
 pages = {25--36},
 numpages = {12},
 publisher = {ACM},
}

@article{Dybjer1997inductivetypes,
title = "Representing inductively defined sets by wellorderings in {Martin}-{L\"o}f's type theory",
journal = "Theoretical Computer Science",
volume = 176,
number = "1–2",
pages = "329 - 335",
year = 1997,
issn = "0304-3975",
doi = "10.1016/S0304-3975(96)00145-4",
author = "Peter Dybjer"
}


@article{gonthier2005fourcolour,
  title={A computer-checked proof of the four colour theorem},
  author={Gonthier, Georges},
  year={2005}
}

@article{Gonthier2013Feit,
 author = {Gonthier, Georges},
 title = {Engineering Mathematics: The Odd Order Theorem Proof},
 journal = {SIGPLAN Not.},
 issue_date = {January 2013},
 volume = 48,
 number = 1,
 month = jan,
 year = 2013,
 pages = {1--2},
 numpages = 2,
}

@ARTICLE{Gross2014PerformantCategories,
   author = {{Gross}, J. and {Chlipala}, A. and {Spivak}, D.~I.},
    title = "{Experience Implementing a Performant Category-Theory Library in {Coq}}",
  journal = {ArXiv e-print 1401.7694},
     year = 2014,
    month = jan,
}


@ARTICLE{Hales2015Flyspeck,
   author = {{Hales}, T. and others},
    title = "{A formal proof of the {Kepler} conjecture}",
  journal = {ArXiv e-print 1501.02155},
     year = 2015,
    month = jan,
}

@Book{HoTTbook,
  author =    {The {Univalent Foundations Program}},
  title =     {Homotopy Type Theory: Univalent Foundations of Mathematics},
  publisher = {\url{http://homotopytypetheory.org/book}},
  address =   {Institute for Advanced Study},
  year =      2013}

@ARTICLE{Kapulkin2012simplicial,
   author = {{Kapulkin}, Chris and {LeFanu Lumsdaine}, Peter and {Voevodsky}, Vladimir},
    title = "{The Simplicial Model of Univalent Foundations}",
  journal = {ArXiv e-prints},
     year = 2012,
    month = nov,
}

@incollection{kraus2013hedberg,
  title={Generalizations of {Hedberg}’s Theorem},
  author={Kraus, Nicolai and Escard{\'o}, Mart{\'\i}n and Coquand, Thierry and Altenkirch, Thorsten},
  booktitle={Typed Lambda Calculi and Applications},
  pages={173--188},
  year={2013},
  publisher={Springer}
}

@article{Kraus2014anonymousexistence,
  title={Notions of anonymous existence in {Martin-L{\"o}f} type theory},
  author={Kraus, Nicolai and Escard{\'o}, Mart{\'\i}n and Coquand, Thierry and Altenkirch, Thorsten},
  journal={Submitted to the special issue of TLCA'13},
  year={2014},
}

@InProceedings{Kraus2014UniversalProperty,
  author =	{{Kraus}, Nicolai},
  title =	{The General Universal Property of the Propositional Truncation},
  booktitle =	{20th International Conference on Types for Proofs and Programs (TYPES 2014)},
  pages =	{111--145},
  series =	{Leibniz International Proceedings in Informatics (LIPIcs)},
  ISBN =	{978-3-939897-88-0},
  ISSN =	{1868-8969},
  year =	2015,
  volume =	39,
  doi =		{10.4230/LIPIcs.TYPES.2014.111},
}

@MISC{Licata2011trick,
  author = {Licata, Dan},
  title = {Running Circles Around (In) Your Proof Assistant; or, Quotients that Compute},
  month = apr,
  year = 2011,
  howpublished = {blog post},
  url = {http://homotopytypetheory.org/2011/04/23/running-circles-around-in-your-proof-assistant/},
}

@inproceedings{Licata2014EM,
  title={{E}ilenberg-{M}ac{L}ane spaces in homotopy type theory},
  author={Licata, Daniel R and Finster, Eric},
  booktitle={Proceedings of the Joint Meeting of the Twenty-Third EACSL Annual Conference on Computer Science Logic (CSL) and the Twenty-Ninth Annual ACM/IEEE Symposium on Logic in Computer Science (LICS)},
  pages=66,
  year=2014,
  organization={ACM}
}

@article{Licata2015Cubical,
  title={A Cubical Approach to Synthetic Homotopy Theory},
  author={Licata, Daniel R and Brunerie, Guillaume}
}


@ARTICLE{Moura2015Lean,
   author = {{de Moura}, Leonardo and {Kong}, Soonho and {Avigad}, Jeremy and {van Doorn}, Floris and {von Raumer}, Jakob},
    title = "{The {Lean} Theorem Prover (system description)}",
  journal = "CADE-25",
    pages = {378--388},
     year = 2015,
    month = aug,
}


@article{OConnor2005Incompleteness,
  author    = {Russell O'Connor},
  title     = {Essential Incompleteness of Arithmetic Verified by {Coq}},
  year      = {2005},
}


@article{siles2012pure,
    title = {{Pure Type System} conversion is always typable},
    author = {Siles, Vincent and Herbelin, Hugo},
    keywords = {Pure Type System; Judgemental Equality; Church-Rosser; Subject Reduction; Injectivity},
    publisher = {Cambridge Journals},
    pages = {153 -- 180},
    journal = {Journal of Functional Programming},
    volume = 22,
    number = 2,
    year = 2012,
    month = May,
}

@MISC{Shulman2011Localizationblog,
  author = {Shulman, Mike},
  title = {Localization as an Inductive Definition},
  month = dec,
  year = 2011,
  howpublished = {blog post},
  url = {http://homotopytypetheory.org/2011/12/06/inductive-localization/},
}

@MISC{Shulman2015constantnessblog,
  author = {Shulman, Mike},
  title = {Not every weakly constant function is conditionally constant},
 month = jun,
  year = 2015,
  howpublished = {blog post},
  url = {http://homotopytypetheory.org/2015/06/11/not-every-weakly-constant-function-is-conditionally-constant/},
}


@article{Sojakova2015HITinitial,
 author = {Sojakova, Kristina},
 title = {Higher Inductive Types as Homotopy-Initial Algebras},
 journal = {SIGPLAN Not.},
 issue_date = {January 2015},
 volume = 50,
 month = jan,
 year = 2015,
 issn = {0362-1340},
 pages = {31--42},
 numpages = 12,
 doi = {10.1145/2775051.2676983},
 acmid = 2676983,
 publisher = {ACM},
 address = {New York, NY, USA},
 keywords = {higher inductive type, homotopy type theory, homotopy-initial algebra, w-suspension},
}

@ARTICLE{Voevodsky2014univalence,
   author = {{Voevodsky}, V.},
    title = "{The equivalence axiom and univalent models of type theory. (Talk at CMU on February 4, 2010)}",
archivePrefix = "arXiv",
   eprint = {1402.5556},
     year = 2014,
    month = feb,
}
